<?xml version="1.0" encoding="UTF-8"?><collection xmlns="http://www.loc.gov/MARC21/slim"><record><leader>00572nam--2200181-i-4500</leader><controlfield tag="001">000029450</controlfield><controlfield tag="002">20161230</controlfield><controlfield tag="005">20161230201037</controlfield><controlfield tag="008">060222s1000------------r-----000-0-eng-d</controlfield><datafield ind1=" " ind2=" " tag="040"><subfield code="a">IFIN-HH</subfield></datafield><datafield ind1=" " ind2=" " tag="080"><subfield code="a">537.84:532.5:530.12</subfield></datafield><datafield ind1="1" ind2=" " tag="100"><subfield code="a">Lichnerowicz, Andre</subfield></datafield><datafield ind1="1" ind2="0" tag="245"><subfield code="a">Relativistic hydrodynamics and magnetohydrodynamics</subfield><subfield code="b">Lectures on the existence of solutions</subfield><subfield code="c">Andre lichnerowicz</subfield></datafield><datafield ind1=" " ind2=" " tag="260"><subfield code="a">New York</subfield><subfield code="b">W.A. Benjamin Inc</subfield><subfield code="c">1967</subfield></datafield><datafield ind1=" " ind2=" " tag="300"><subfield code="a">IX+196P</subfield></datafield><datafield ind1=" " ind2=" " tag="490"><subfield code="a">The Mathematical Physics Monograph Series</subfield></datafield><datafield ind1=" " ind2=" " tag="852"><subfield code="a">76257</subfield><subfield code="c">538.4</subfield></datafield><datafield ind1=" " ind2=" " tag="CAT"><subfield code="a">Sys</subfield><subfield code="c">20110920</subfield><subfield code="h">160722</subfield></datafield></record></collection>